@article{Stodden2008,
    title = {{A Developmental Perspective on the Role of Motor Skill Competence in Physic...: EBSCOhost}},
    year = {2008},
    journal = {Quest},
    author = {Stodden, David F and Goodway, Jacqueline D and Langendorfer, Stephen J and Roberton, Mary Ann and Rudisill, Mary E and Garcia, Clersida and Garcia, Luis E},
    number = {May 2013},
    pages = {290--306},
    url = {http://web.a.ebscohost.com.apollo.worc.ac.uk/ehost/pdfviewer/pdfviewer?vid=4&sid=3691cf57-35ce-47c0-8601-d42fdf27c2b7%40sdc-v-sessmgr06}
}

@article{article:dummy,
    title = {{A Dummy Citation Entry}},
    journal = {Journal of Publications},
    author = {Smith, John and Williams, Mary},
    pages = {0},
    volume = {0}
}

@inproceedings{DaFonseca2019,
    title = {{A FES-ROWING CONTROL BASED ON UPPER LIMB KINEMATICS}},
    year = {2019},
    booktitle = {International Funtional Electrical Stimulation Society Conference},
    author = {da Fonseca, Lucas O and Baptista, Roberto De Souza and Ferreira, Breno Mendes and B{\'{o}}, Antônio Padilha. L},
    editor = {{Rehabweek}},
    address = {Toronto}
}

@article{Gomes2011,
    title = {{A Influ{\^{e}}ncia dos Factores Psicol{\'{o}}gicos no Ensino e Aprendizagem de Compet{\^{e}}ncias Motoras}},
    year = {2011},
    author = {Gomes, A R},
    pages = {99--128}
}

@misc{Arduino,
    title = {{Arduino - Introduction}},
    author = {{Arduino}},
    url = {https://www.arduino.cc/en/Guide/Introduction}
}

@article{BATISTA2008,
    title = {{Discursos sobre a Compet{\^{e}}ncia - contributo para a (re)constru{\c{c}}{\~{a}}o de um conceito de compet{\^{e}}ncia aplic{\'{a}}vel ao profissional do desporto}},
    year = {2008},
    journal = {Tese},
    author = {BATISTA, Paula M Fazendeiro},
    number = {Compet{\^{e}}ncia profissional},
    pages = {591},
    keywords = {AUTOPERCEP{\c{C}}{\~{A}}O, COMPET{\^{E}}NCIA, COMPET{\^{E}}NCIA PROFISSIONAL, PERCEP{\c{C}}{\~{A}}O, PROFISSIONAIS DO DESPORTO}
}

@article{Laskin1993,
    title = {{Electrical stimulation-assisted rowing exercise in spinal cord injured people. A pilot study}},
    year = {1993},
    journal = {Spinal Cord},
    author = {Laskin, J J and Ashley, E A and Olenik, L M and Burnham, R and Cumming, D C and Steadward, R D and Wheeler, G D},
    number = {8},
    month = {8},
    pages = {534--541},
    volume = {31},
    publisher = {Nature Publishing Group},
    url = {http://www.nature.com/articles/sc199387},
    doi = {10.1038/sc.1993.87},
    issn = {1362-4393},
    keywords = {Functional electrical stimulation, Hybrid rowing machine, Qualitative assessment, Spinal cord injured}
}

@article{Wheeler2002,
    title = {{Functional electric stimulation–assisted rowing: Increasing cardiovascular fitness through functional electric stimulation rowing training in persons with spinal cord injury}},
    year = {2002},
    journal = {Archives of Physical Medicine and Rehabilitation},
    author = {Wheeler, Garry D and Andrews, Brian and Lederer, Robert and Davoodi, Rhahman and Natho, Karen and Weiss, Christina and Jeon, Justin and Bhambhani, Yagesh and Steadward, Robert D},
    number = {8},
    month = {8},
    pages = {1093--1099},
    volume = {83},
    publisher = {W.B. Saunders},
    url = {https://www.sciencedirect.com/science/article/pii/S0003999302000321 https://linkinghub.elsevier.com/retrieve/pii/S0003999302000321},
    doi = {10.1053/apmr.2002.33656},
    issn = {00039993},
    keywords = {Electric stimulation, Exercise, Rehabilitation, Spinal cord injuries}
}

@article{assefmodelagem,
    title = {{Modelagem d Avalia{\c{c}}{\~{a}}o de um Beamforming Digital de Ultrassom Baseado em FPGA Usando o Matlab/simulink}},
    year = {2016},
    journal = {Congresso Brasileiro de Engenharia Biom{\'{e}}dica, CBEB 2016},
    author = {Assef, A A and Maia, J M and Ferreira, B M and Serafin, H De S and Bassan, G M and De Moraes, A F}
}

@article{Assef2018,
    title = {{Modeling and FPGA-based implementation of an efficient and simple envelope detector using a Hilbert Transform FIR filter for ultrasound imaging applications}},
    year = {2018},
    journal = {Research on Biomedical Engineering},
    author = {Assef, Amauri Amorin and Ferreira, Breno Mendes and Maia, Joaquim Miguel and Costa, Eduardo Tavares},
    number = {1},
    month = {1},
    pages = {87--92},
    volume = {34},
    url = {http://www.scielo.br/scielo.php?script=sci_arttext&pid=S2446-47402018000100087&lng=en&tlng=en},
    doi = {10.1590/2446-4740.02417},
    issn = {24464740},
    keywords = {Envelope detection, FPGA, Hilbert transform, Simulink, Ultrasound}
}

@incollection{Assef2019,
    title = {{Modeling of a Simple and Efficient Cascaded FPGA-Based Digital Band-Pass FIR Filter for Raw Ultrasound Data}},
    year = {2019},
    author = {Assef, Amauri Amorin and de Oliveira, Jonathan and Scherbaty, Lucas and Maia, Joaquim Miguel and Zimbico, Acácio and Ferreira, Breno Mendes and Costa, Eduardo Tavares},
    pages = {501--505},
    url = {http://link.springer.com/10.1007/978-981-13-2119-1_77},
    doi = {10.1007/978-981-13-2119-1{\_}77}
}

@phdthesis{DaFonseca2019c,
    title = {{Neuroprostheses Control Interfaces Based on Bodymotion in Persons With Spinal Cord Injury}},
    year = {2019},
    author = {da Fonseca, Lucas Oliveira},
    school = {Universidade de Bras{\'{i}}lia}
}

@article{Hettinga2008,
    title = {{Oxygen Consumption during Functional Electrical Stimulation-Assisted Exercise in Persons with Spinal Cord Injury}},
    year = {2008},
    journal = {Sports Medicine},
    author = {Hettinga, Dries M and Andrews, Brian J},
    number = {10},
    pages = {825--838},
    volume = {38},
    publisher = {Springer International Publishing},
    url = {http://link.springer.com/10.2165/00007256-200838100-00003},
    doi = {10.2165/00007256-200838100-00003},
    issn = {0112-1642}
}

@misc{EmpoweringMobilityandAutonomy,
    title = {{Project EMA}},
    author = {{Empowering Mobility and Autonomy}},
    url = {http://www.ene.unb.br/antonio/ema/pt/}
}

@inproceedings{Assef2016,
    title = {{Projeto de um Filtro Digital FIR Passa-Baixa em FPGA para Aplica{\c{c}}ões de Processamento de Sinais de Ultrassom}},
    year = {2016},
    booktitle = {Congresso Brasileiro de Engenharia Biom{\'{e}}dica, CBEB 2016},
    author = {Assef, A A A and Maia, J M M and Ferreira, B M M and de Souza, H S and de Souza, H S},
    publisher = {Congresso Brasileiro de Engenharia Biom{\'{e}}dica},
    address = {Foz do Igua{\c{c}}u}
}

@misc{PyCharm,
    title = {{PyCharm}},
    author = {{JetBrains}},
    url = {https://www.jetbrains.com/pycharm/}
}

@article{Hettinga2007,
    title = {{The Feasibility of Functional Electrical Stimulation Indoor Rowing for High-Energy Training and Sport}},
    year = {2007},
    journal = {Neuromodulation: Technology at the Neural Interface},
    author = {Hettinga, Dries M and Andrews, Brian J},
    number = {3},
    month = {7},
    pages = {291--297},
    volume = {10},
    publisher = {John Wiley {\&} Sons, Ltd (10.1111)},
    url = {http://doi.wiley.com/10.1111/j.1525-1403.2007.00117.x},
    doi = {10.1111/j.1525-1403.2007.00117.x},
    issn = {10947159},
    keywords = {Adapted rowing, Exercise, FES, Recreation, Spinal cord injury}
}

@article{Welk1999,
    title = {{The Youth Physical Activity Promotion Model: A Conceptual Bridge Between Theory and Practice}},
    year = {1999},
    journal = {Quest},
    author = {Welk, Gregory J},
    number = {1},
    month = {2},
    pages = {5--23},
    volume = {51},
    url = {http://www.tandfonline.com/doi/abs/10.1080/00336297.1999.10484297},
    doi = {10.1080/00336297.1999.10484297},
    issn = {0033-6297}
}

@incollection{DaFonseca2019a,
    title = {{Towards indoor rowing assisted by electrical stimulation for persons with paraplegia}},
    year = {2019},
    booktitle = {IFMBE Proceedings},
    author = {da Fonseca, L. O. and Ferreira, B. M. and Paredes, M. E.G. and Freire, J. P. and Sanches, P. and B{\'{o}}, A. P.L.},
    number = {1},
    pages = {391--395},
    volume = {70},
    publisher = {Springer, Singapore},
    url = {http://link.springer.com/10.1007/978-981-13-2119-1_60},
    doi = {10.1007/978-981-13-2119-1{\_}60},
    issn = {16800737},
    keywords = {FES, Hybrid exercise, Rowing, SCI}
}